@article{cite1,
  title={Parkinson disease},
  author={Poewe, Werner and Seppi, Klaus and Tanner, Caroline M and Halliday, Glenda M and Brundin, Patrik and Volkmann, Jens and Schrag, Anette-Eleonore and Lang, Anthony E},
  journal={Nature reviews Disease primers},
  volume={3},
  number={1},
  pages={1--21},
  year={2017},
  publisher={Nature Publishing Group}
}

@article{cite2,
  title={Non-motor symptoms of Parkinson's disease: dopaminergic pathophysiology and treatment},
  author={Chaudhuri, K Ray and Schapira, Anthony HV},
  journal={The Lancet Neurology},
  volume={8},
  number={5},
  pages={464--474},
  year={2009},
  publisher={Elsevier}
}

@article{cite3,
  title={The role of functional dopamine-transporter SPECT imaging in parkinsonian syndromes, part 1},
  author={Booth, TC and Nathan, M and Waldman, AD and Quigley, A-M and Schapira, AH and Buscombe, J},
  journal={American Journal of Neuroradiology},
  volume={36},
  number={2},
  pages={229--235},
  year={2015},
  publisher={Am Soc Neuroradiology}
}

@article{cite4,
  title={Imaging analysis of Parkinsonâ€™s disease patients using SPECT and tractography},
  author={Son, Seong-Jin and Kim, Mansu and Park, Hyunjin},
  journal={Scientific reports},
  volume={6},
  pages={38070},
  year={2016},
  publisher={Nature Publishing Group}
}
